<record><leader>00000cas a22000007a 4500</leader><controlfield tag="001">13563308</controlfield><controlfield tag="008">860513d18591872lauwr ne      0    0eng d</controlfield><datafield ind1=" " ind2=" " tag="010"><subfield code="a">sn 86086470 </subfield></datafield><datafield ind1=" " ind2=" " tag="040"><subfield code="a">NPV</subfield><subfield code="b">eng</subfield><subfield code="c">NPV</subfield><subfield code="d">NPX</subfield><subfield code="d">LNP</subfield><subfield code="d">OCL</subfield><subfield code="d">LNP</subfield><subfield code="d">OCLCQ</subfield><subfield code="d">OCLCF</subfield><subfield code="d">OCLCO</subfield></datafield><datafield ind1=" " ind2=" " tag="042"><subfield code="a">msc</subfield></datafield><datafield ind1=" " ind2=" " tag="043"><subfield code="a">n-us-la</subfield></datafield><datafield ind1=" " ind2=" " tag="045"><subfield code="a">w-w7</subfield></datafield><datafield ind1="0" ind2="0" tag="245"><subfield code="a">East Feliciana patriot.</subfield></datafield><datafield ind1="1" ind2="3" tag="246"><subfield code="a">Patriot</subfield></datafield><datafield ind1=" " ind2=" " tag="260"><subfield code="a">Clinton, La. :</subfield><subfield code="b">Edward J. Pullen &amp; Co.</subfield></datafield><datafield ind1=" " ind2=" " tag="300"><subfield code="a">v.</subfield></datafield><datafield ind1=" " ind2=" " tag="310"><subfield code="a">Weekly</subfield></datafield><datafield ind1="1" ind2=" " tag="362"><subfield code="a">Began in 1859; ceased in 1872?</subfield></datafield><datafield ind1=" " ind2=" " tag="500"><subfield code="a">"Official paper of the parish."</subfield></datafield><datafield ind1=" " ind2=" " tag="588"><subfield code="a">Description based on: Vol. 9, no. 1 (Mar. 2, 1867).</subfield></datafield><datafield ind1=" " ind2="0" tag="651"><subfield code="a">Clinton (La.)</subfield><subfield code="v">Newspapers.</subfield></datafield><datafield ind1=" " ind2="7" tag="655"><subfield code="a">Newspapers.</subfield><subfield code="2">fast</subfield><subfield code="0">(OCoLC)fst01423814</subfield></datafield><datafield ind1=" " ind2="7" tag="651"><subfield code="a">Louisiana</subfield><subfield code="z">Clinton.</subfield><subfield code="2">fast</subfield><subfield code="0">(OCoLC)fst01880062</subfield></datafield><datafield ind1=" " ind2=" " tag="752"><subfield code="a">United States</subfield><subfield code="b">Louisiana</subfield><subfield code="c">East Feliciana</subfield><subfield code="d">Clinton.</subfield></datafield><datafield ind1="0" ind2="7" tag="785"><subfield code="t">East Feliciana Democrat</subfield><subfield code="w">(DLC)sn 88064689</subfield></datafield><datafield ind1="0" ind2="7" tag="785"><subfield code="t">Semi-weekly patriot-Democrat</subfield><subfield code="w">(DLC)sn 88064570</subfield></datafield></record>